<record><leader>00000cas a22000007a 4500</leader><controlfield tag="001">14277399</controlfield><controlfield tag="008">860929d19uu1966txuwr ne      0    0eng d</controlfield><datafield ind1=" " ind2=" " tag="010"><subfield code="a">sn 86089262 </subfield></datafield><datafield ind1=" " ind2=" " tag="040"><subfield code="a">PPM</subfield><subfield code="b">eng</subfield><subfield code="c">PPM</subfield><subfield code="d">OCL</subfield><subfield code="d">OCLCQ</subfield></datafield><datafield ind1=" " ind2=" " tag="042"><subfield code="a">msc</subfield></datafield><datafield ind1=" " ind2="4" tag="050"><subfield code="a">AN1.T4</subfield><subfield code="b">S36 hc</subfield></datafield><datafield ind1="0" ind2="4" tag="245"><subfield code="a">The Hays County citizen.</subfield></datafield><datafield ind1=" " ind2=" " tag="260"><subfield code="a">Kyle, Tex. :</subfield><subfield code="b">Young Gentlemen's Excelsior Coffee Colloquium, Inc.</subfield></datafield><datafield ind1=" " ind2=" " tag="300"><subfield code="a">v. :</subfield><subfield code="b">ill. ;</subfield><subfield code="c">44 cm.</subfield></datafield><datafield ind1=" " ind2=" " tag="310"><subfield code="a">Weekly</subfield></datafield><datafield ind1="1" ind2=" " tag="362"><subfield code="a">Ceased in 1966.</subfield></datafield><datafield ind1=" " ind2=" " tag="588"><subfield code="a">Description based on: Vol. 62, no. 36 (Dec. 11, 1964).</subfield></datafield><datafield ind1=" " ind2=" " tag="752"><subfield code="a">United States</subfield><subfield code="b">Texas</subfield><subfield code="c">Hays</subfield><subfield code="d">Kyle.</subfield></datafield><datafield ind1="0" ind2=" " tag="775"><subfield code="t">Cedar chopper's almanack</subfield><subfield code="w">(OCoLC)14277250</subfield></datafield><datafield ind1="0" ind2=" " tag="775"><subfield code="t">Advertiser (Austin, Tex. : 1966)</subfield><subfield code="w">(OCoLC)4164297</subfield></datafield><datafield ind1="0" ind2=" " tag="775"><subfield code="t">Citizen (Kyle, Tex.)</subfield></datafield><datafield ind1="0" ind2="0" tag="785"><subfield code="t">Citizen advertiser (San Marcos, Tex.)</subfield><subfield code="w">(DLC)sn 88083500</subfield></datafield></record>